<record><leader>00000cas a22000007a 4500</leader><controlfield tag="001">13032693</controlfield><controlfield tag="008">860117d19751976wvudr ne      0    0eng d</controlfield><datafield ind1=" " ind2=" " tag="010"><subfield code="a">sn 86092026 </subfield></datafield><datafield ind1=" " ind2=" " tag="040"><subfield code="a">WVC</subfield><subfield code="b">eng</subfield><subfield code="c">WVC</subfield><subfield code="d">OCL</subfield><subfield code="d">OCLCQ</subfield></datafield><datafield ind1=" " ind2=" " tag="042"><subfield code="a">msc</subfield></datafield><datafield ind1="0" ind2="4" tag="245"><subfield code="a">The Fairmont times and West Virginian.</subfield></datafield><datafield ind1=" " ind2=" " tag="260"><subfield code="a">Fairmont, W. Va. :</subfield><subfield code="b">Walter J. Mason,</subfield><subfield code="c">1975-1976.</subfield></datafield><datafield ind1=" " ind2=" " tag="300"><subfield code="a">v.</subfield></datafield><datafield ind1=" " ind2=" " tag="310"><subfield code="a">Daily</subfield></datafield><datafield ind1="0" ind2=" " tag="362"><subfield code="a">Vol. 75, no. 1 (Jan. 1, 1975)-v. 76, no. 320 (Nov. 27, 1976).</subfield></datafield><datafield ind1=" " ind2=" " tag="500"><subfield code="a">Two editions daily.</subfield></datafield><datafield ind1=" " ind2=" " tag="752"><subfield code="a">United States</subfield><subfield code="b">West Virginia</subfield><subfield code="c">Marion</subfield><subfield code="d">Fairmont.</subfield></datafield><datafield ind1="0" ind2="4" tag="780"><subfield code="t">Fairmont West Virginian</subfield><subfield code="w">(DLC)sn 86092557</subfield></datafield><datafield ind1="0" ind2="4" tag="780"><subfield code="t">Fairmont times</subfield><subfield code="w">(DLC)sn 86092025</subfield></datafield><datafield ind1="0" ind2="0" tag="785"><subfield code="t">Times West Virginian (Fairmont, W. Va. : Daily)</subfield><subfield code="w">(DLC)sn 86092029</subfield></datafield></record>